<record><leader>00000cas a2200000 a 4500</leader><controlfield tag="001">15299356</controlfield><controlfield tag="008">870311d18591867inuwr ne      0    0eng c</controlfield><datafield ind1=" " ind2=" " tag="010"><subfield code="a">sn 87055459 </subfield></datafield><datafield ind1=" " ind2=" " tag="040"><subfield code="a">NPI</subfield><subfield code="b">eng</subfield><subfield code="c">NPI</subfield><subfield code="d">OCLCQ</subfield><subfield code="d">IUL</subfield><subfield code="d">OCLCF</subfield></datafield><datafield ind1=" " ind2=" " tag="042"><subfield code="a">pcc</subfield></datafield><datafield ind1=" " ind2=" " tag="043"><subfield code="a">n-us-in</subfield></datafield><datafield ind1="0" ind2=" " tag="130"><subfield code="a">Wabash plain dealer (Wabash, Ind. : 1859 : Weekly)</subfield></datafield><datafield ind1="1" ind2="0" tag="245"><subfield code="a">Wabash plain dealer.</subfield></datafield><datafield ind1=" " ind2=" " tag="260"><subfield code="a">Wabash, Ind. :</subfield><subfield code="b">W.C. M'Gonical,</subfield><subfield code="c">1859-1867.</subfield></datafield><datafield ind1=" " ind2=" " tag="300"><subfield code="a">8 volumes</subfield></datafield><datafield ind1=" " ind2=" " tag="310"><subfield code="a">Weekly</subfield></datafield><datafield ind1="0" ind2=" " tag="362"><subfield code="a">Vol. 1,no. 1 (Aug. 8, 1859)-v. 8, no. 52 (Feb. 28, 1867).</subfield></datafield><datafield ind1=" " ind2=" " tag="515"><subfield code="a">Suspended with June 24, 1866 issue; resumed with Aug. 30, 1866 issue.</subfield></datafield><datafield ind1=" " ind2="0" tag="651"><subfield code="a">Wabash (Ind.)</subfield><subfield code="v">Newspapers.</subfield></datafield><datafield ind1=" " ind2="0" tag="651"><subfield code="a">Wabash County (Ind.)</subfield><subfield code="v">Newspapers.</subfield></datafield><datafield ind1=" " ind2="7" tag="655"><subfield code="a">Newspapers.</subfield><subfield code="2">fast</subfield><subfield code="0">(OCoLC)fst01423814</subfield></datafield><datafield ind1=" " ind2="7" tag="651"><subfield code="a">Indiana</subfield><subfield code="z">Wabash.</subfield><subfield code="2">fast</subfield><subfield code="0">(OCoLC)fst01218139</subfield></datafield><datafield ind1=" " ind2="7" tag="651"><subfield code="a">Indiana</subfield><subfield code="z">Wabash County.</subfield><subfield code="2">fast</subfield><subfield code="0">(OCoLC)fst01218140</subfield></datafield><datafield ind1=" " ind2=" " tag="752"><subfield code="a">United States</subfield><subfield code="b">Indiana</subfield><subfield code="c">Wabash</subfield><subfield code="d">Wabash.</subfield></datafield><datafield ind1="0" ind2="5" tag="780"><subfield code="t">Weekly intelligencer (Wabash, Ind.)</subfield><subfield code="w">(DLC)sn 87055458</subfield><subfield code="w">(OCoLC)15299415</subfield></datafield><datafield ind1="0" ind2="0" tag="785"><subfield code="t">Wabash weekly plaindealer (Wabash, Ind. : 1867)</subfield><subfield code="w">(DLC)sn 84038243</subfield><subfield code="w">(OCoLC)11265609</subfield></datafield><datafield ind1="4" ind2="1" tag="856"><subfield code="u">https://access.newspaperarchive.com/us/indiana/wabash/wabash-plain-dealer/</subfield></datafield></record>